<?xml version="1.0" encoding="UTF-8"?><collection><record><leader>07306ntm a2200601 a 4500</leader><controlfield tag="001">006768159</controlfield><controlfield tag="003">MiAaHDL</controlfield><controlfield tag="005">20190719000000.0</controlfield><controlfield tag="006">m        d        </controlfield><controlfield tag="007">cr bn ---auaua</controlfield><controlfield tag="008">090505q16801740xx            00| ||ara d</controlfield><datafield tag="035" ind1=" " ind2=" "><subfield code="a">(MiU)006768159</subfield></datafield><datafield tag="035" ind1=" " ind2=" "><subfield code="a">sdr-miu006768159</subfield></datafield><datafield tag="040" ind1=" " ind2=" "><subfield code="a">MiU</subfield><subfield code="c">MiU</subfield><subfield code="e">amremm</subfield></datafield><datafield tag="043" ind1=" " ind2=" "><subfield code="a">n-us-mi</subfield></datafield><datafield tag="100" ind1="0" ind2=" "><subfield code="6">880-01</subfield><subfield code="a">Suyūṭī,</subfield><subfield code="d">1445-1505.</subfield></datafield><datafield tag="245" ind1="1" ind2="3"><subfield code="6">880-03</subfield><subfield code="a">al-Ḥabāʼik fī akhbār al-malāʼik,</subfield><subfield code="f">[late 17th or early 18th century?].</subfield></datafield><datafield tag="260" ind1=" " ind2=" "><subfield code="c">[1680-1740?].</subfield></datafield><datafield tag="300" ind1=" " ind2=" "><subfield code="a">93 leaves :</subfield><subfield code="b">paper ;</subfield><subfield code="c">250 x 140 (180 x 80) mm.</subfield></datafield><datafield tag="500" ind1=" " ind2=" "><subfield code="a">Shelfmark: Ann Arbor, University of Michigan, Special Collections Library, Isl. Ms. 502</subfield></datafield><datafield tag="500" ind1=" " ind2=" "><subfield code="a">Origin: Lacks dated colophon ; paper, etc. may suggest late 17th or early 18th century. Seal impression on 'title page' provides only approximate terminus ante quem of 1739 ; ownership statement on 'title page' provides terminus ante quem of 1753.</subfield></datafield><datafield tag="500" ind1=" " ind2=" "><subfield code="a">Accompanying materials: a. Acquisitions slip from Yahuda -- b. Inventory cataloguing slip in hand of Winifred Smeaton Thomas.</subfield></datafield><datafield tag="500" ind1=" " ind2=" "><subfield code="a">Former shelfmark: From inner front cover and spine label, "IL 98" (likely supplied by Yahuda, see acquisitions slip).</subfield></datafield><datafield tag="500" ind1=" " ind2=" "><subfield code="a">Binding: Pasteboards covered in red leather ; Type II binding (with flap) ; board linings in untinted laid paper ; upper and lower covers carry blind stamped mandorla (filled with vegetal composition having vertical and horizontal symmetry, similar to Déroche class. OSd 8) and pendants along with tooled rosette accents and border in a series of s-shaped stamps ; sewn in dark blue thread, two stations ; worked chevron endbands in dark blue and cream [?], only headband intact ; overall in good condition with minor abrasion, staining, etc.</subfield></datafield><datafield tag="500" ind1=" " ind2=" "><subfield code="a">Support: non-European (likely Persian or Indian) laid paper with 9 laid lines per cm. (horizontal, curved) and chain lines rarely visible ; well-burnished, beige in color, thin and transluscent though quite sturdy ; flyleaves in European laid paper (outer green surface-dyed) with "[La] Stella" and "[G e ] C. Cini" (compare paper of A43. MS. Shelley c. 7 dated 1821-22 in Barker-Benfield, Shelleyan writing materials in the Bodleian Library, pp.53-54).</subfield></datafield><datafield tag="500" ind1=" " ind2=" "><subfield code="a">Decoration: Illuminated headpiece (ʻunwān) at opening on p.6 consisting of a rectangular piece with empty gold cartouche flanked by swirling floral vegetal decoration in white, lavender, and gold on fields of blue and green, surmounted by a scalloped semi-circular piece (dome) with floral vegetal motifs in blue, dark pink, white, lavender, green, and black on a gold ground itself surmounted by undulating vegetal motifs resembling leaves and even feathers in gold, green and blue ; keywords rubricated ; text of written area surrounded by frame consisting of gold band with black fillets and outermost blue fillet ; textual dividers in the form of red discs.</subfield></datafield><datafield tag="500" ind1=" " ind2=" "><subfield code="a">Script: Naskh ; elegant and compact Egyptian or Turkish [?] hand ; extensively seriffed with right-sloping head-serifs on most ascender letters (even free-standing alif), slight effect of tilt to the left, mainly closed counters, freely ligatured, curvilinear descenders (some sweeping), pointing in distinct dots, partially vocalized.</subfield></datafield><datafield tag="500" ind1=" " ind2=" "><subfield code="a">Layout: Written in 27 lines per page ; frame-ruled.</subfield></datafield><datafield tag="500" ind1=" " ind2=" "><subfield code="a">Collation: ii, 9 V(90), I+1 (93), ii ; almost exclusively quinions ; middle of the quire marks in the form of an oblique stroke in the lower outer corner of the left-hand leaf ; catchwords present ; foliation in black ink, Hindu-Arabic numerals ; pagination in pencil, Western numerals, supplied during digitization (includes flyleaves).</subfield></datafield><datafield tag="500" ind1=" " ind2=" "><subfield code="a">Explicit: "والمعقبات فى قوله تعالى له معقبات من بين يديه ومن خلفه اتنهى ذلك والله تم الكتاب بعون الملك الوهاب"</subfield></datafield><datafield tag="500" ind1=" " ind2=" "><subfield code="a">Incipit: "الحمد لله جاعل الملائكة رسلا اولى اجنحة مثنى وثلاث ورباع ... فهذا تأليف لطيف جمعته في اخبار الملائكة الابرار ... وسميته الحبائك في اخبار الملائك ..."</subfield></datafield><datafield tag="500" ind1=" " ind2=" "><subfield code="a">Title from opening on p.6.</subfield></datafield><datafield tag="500" ind1=" " ind2=" "><subfield code="a">Ms. codex.</subfield></datafield><datafield tag="505" ind1="0" ind2=" "><subfield code="a">2. p.188-p.189 : Rafʻ al-ṣawt bi-dhabḥ al-mawt / Abū al-Faḍl ʻAbd al-Raḥmān ibn Abī Bakr Jalāl al-Dīn al-Suyūṭī.</subfield></datafield><datafield tag="505" ind1="0" ind2=" "><subfield code="a">1. p.6-p.187 : al-Ḥabāʼik fī akhbār al-malāʼik / Abū al-Faḍl ʻAbd al-Raḥmān ibn Abī Bakr Jalāl al-Dīn al-Suyūṭī.</subfield></datafield><datafield tag="510" ind1="4" ind2=" "><subfield code="a">Barker-Benfield, B.C. Shelleyan writing materials in the Bodleian Library : a catalogue of formats, papers, and watermarks. In The Bodleian Shelley manuscripts, v.23. London: Routledge, 2002.</subfield></datafield><datafield tag="510" ind1="4" ind2=" "><subfield code="a">Ḥājjī Khalīfah. Kashf al-ẓunūn,</subfield><subfield code="c">iii 13, no.4493</subfield></datafield><datafield tag="510" ind1="4" ind2=" "><subfield code="a">Brockelmann, C. GAL,</subfield><subfield code="c">II, 147, no. 51</subfield></datafield><datafield tag="520" ind1="8" ind2=" "><subfield code="a">Elegant copy of al-Suyūṭī's (d.1505) compilation of ḥadīth on angels followed by another very brief treatise of his entitled Rafʻ al-ṣawt bi-dhabḥ al-mawt. Contributions to the cataloguing from Ali Rafi.</subfield></datafield><datafield tag="538" ind1=" " ind2=" "><subfield code="a">Mode of access: Internet.</subfield></datafield><datafield tag="541" ind1=" " ind2=" "><subfield code="a">Acquired in 1926 from the bookseller Isaac Benjamin S.E. Yahuda via purchase transacted on his behalf by Abraham Shalom Yahuda (1877-1951), his younger brother.</subfield></datafield><datafield tag="546" ind1=" " ind2=" "><subfield code="a">Arabic.</subfield></datafield><datafield tag="561" ind1=" " ind2=" "><subfield code="a">Possible former inventory mark on upper board lining ; ownership statement on 'title page' (p.5) in name of al-Ḥājj Muṣṭafá ibn Ibrāhīm Āghā Shaykhbandarʻzādah (Mustafa bin İbrahim Şeyhbenderzade) accompanied by octagonal seal impression (with inscription "خاك نعلين محمد سرمه چشم مصطفى" and date 1151 [1738 or 9]), statement reads "تملكه افقر الورى الى ربه عز وجل الحاج مصطفى ابن المرحوم ابراهيم اغا شيخبندر زاده غفر الله لهما وللمسلمين اجمعين امين" ; another ownership statement on 'title page' (p.5) dated 1166 [1752 or 3] reads "تملكته بعون الله سنه ١١٦٦" ; ownership statements on pp.189-190 in name of Ahmet Müeyyet Azamzade (السيد احمد مؤيد عظم زاده), statement on p.189 dated 1242 [1826 or 7] and accompanying oval seal impression "السيد احمد مؤيد" ; rare marginal correction (see p.90).</subfield></datafield><datafield tag="650" ind1=" " ind2="0"><subfield code="a">Manuscripts, Arabic</subfield><subfield code="z">Michigan</subfield><subfield code="z">Ann Arbor.</subfield></datafield><datafield tag="650" ind1=" " ind2="0"><subfield code="a">Angels</subfield><subfield code="x">Islam</subfield><subfield code="v">Early works to 1800.</subfield></datafield><datafield tag="700" ind1="0" ind2=" "><subfield code="6">880-06</subfield><subfield code="a">Ahmet Müeyyet Azamzade,</subfield><subfield code="d">fl. 1826,</subfield><subfield code="e">former owner.</subfield></datafield><datafield tag="700" ind1="0" ind2=" "><subfield code="6">880-05</subfield><subfield code="a">Mustafa bin İbrahim Şeyhbenderzade,</subfield><subfield code="d">fl. 1738,</subfield><subfield code="e">former owner.</subfield></datafield><datafield tag="700" ind1="0" ind2="2"><subfield code="6">880-04</subfield><subfield code="a">Suyūṭī,</subfield><subfield code="d">1445-1505.</subfield><subfield code="t">Rafʻ al-ṣawt bi-dhabḥ al-mawt.</subfield></datafield><datafield tag="773" ind1="0" ind2=" "><subfield code="a">Yahuda Collection.</subfield></datafield><datafield tag="880" ind1="0" ind2=" "><subfield code="6">700-06/</subfield><subfield code="a">احمد مؤيد عظم زاده،</subfield><subfield code="e">مالك سابق.</subfield></datafield><datafield tag="880" ind1="0" ind2=" "><subfield code="6">700-05/</subfield><subfield code="a">مصطفى بن ابراهيم شيخبندر زاده,</subfield><subfield code="e">مالك سابق.</subfield></datafield><datafield tag="880" ind1="0" ind2="2"><subfield code="6">700-04/</subfield><subfield code="a">سيوطي,</subfield><subfield code="d">1445-1505.</subfield><subfield code="t">رفع الصوت بذبح الموت.</subfield></datafield><datafield tag="880" ind1="1" ind2="2"><subfield code="6">245-03/</subfield><subfield code="a">الحبائك في اخبار الملائك,</subfield><subfield code="f">[اواخر القرن 17م او اوائل القرن 18م؟].</subfield></datafield><datafield tag="880" ind1="1" ind2=" "><subfield code="6">100-01/</subfield><subfield code="a">سيوطي.</subfield></datafield><datafield tag="CID" ind1=" " ind2=" "><subfield code="a">006768159</subfield></datafield><datafield tag="DAT" ind1="0" ind2=" "><subfield code="a">20190719102635.0</subfield><subfield code="b">20190719000000.0</subfield></datafield><datafield tag="DAT" ind1="1" ind2=" "><subfield code="a">20190719090653.0</subfield><subfield code="b">2019-07-19T16:11:18Z</subfield></datafield><datafield tag="DAT" ind1="2" ind2=" "><subfield code="a">2015-10-02T18:00:03Z</subfield></datafield><datafield tag="CAT" ind1=" " ind2=" "><subfield code="a">SDR-MIU</subfield><subfield code="d">EX LIBRIS - ALEPH</subfield><subfield code="l">prepare.pl-004-008</subfield></datafield><datafield tag="FMT" ind1=" " ind2=" "><subfield code="a">BK</subfield></datafield><datafield tag="HOL" ind1=" " ind2=" "><subfield code="0">sdr-miu006768159</subfield><subfield code="a">MiU</subfield><subfield code="b">SDR</subfield><subfield code="c">MIU</subfield><subfield code="p">mdp.39015079125327</subfield><subfield code="s">MIU</subfield><subfield code="1">006768159</subfield></datafield><datafield tag="974" ind1=" " ind2=" "><subfield code="b">MIU</subfield><subfield code="c">MIU</subfield><subfield code="d">20190719</subfield><subfield code="s">lit-dlps-dc</subfield><subfield code="u">mdp.39015079125327</subfield><subfield code="y">1740</subfield><subfield code="r">pd</subfield><subfield code="q">bib</subfield><subfield code="t">non-US bib date2 &lt; 1879</subfield></datafield></record></collection>